<record><leader>00000cas a2200000 a 4500</leader><controlfield tag="001">24833661</controlfield><controlfield tag="008">911121d19261926iluwr ne      0   a0eng c</controlfield><datafield ind1=" " ind2=" " tag="010"><subfield code="a">sn 91054744 </subfield></datafield><datafield ind1=" " ind2=" " tag="040"><subfield code="a">NVF</subfield><subfield code="b">eng</subfield><subfield code="c">NVF</subfield><subfield code="d">OCLCQ</subfield><subfield code="d">NVF</subfield><subfield code="d">OCLCQ</subfield><subfield code="d">NVF</subfield><subfield code="d">OCLCO</subfield><subfield code="d">OCLCF</subfield><subfield code="d">NVF</subfield></datafield><datafield ind1=" " ind2=" " tag="042"><subfield code="a">pcc</subfield></datafield><datafield ind1=" " ind2=" " tag="043"><subfield code="a">n-us-il</subfield></datafield><datafield ind1="0" ind2="4" tag="245"><subfield code="a">The Cass County Democrat and the weekly enterprise.</subfield></datafield><datafield ind1=" " ind2=" " tag="260"><subfield code="a">Virginia, Ill. :</subfield><subfield code="b">Chester C. Allard,</subfield><subfield code="c">1926.</subfield></datafield><datafield ind1=" " ind2=" " tag="300"><subfield code="a">v.</subfield></datafield><datafield ind1=" " ind2=" " tag="310"><subfield code="a">Weekly</subfield></datafield><datafield ind1="0" ind2=" " tag="362"><subfield code="a">Vol. 31, no. 50 (Jan. 28, 1926)-v. 32, no. 6 (Mar. 18, 1926).</subfield></datafield><datafield ind1=" " ind2=" " tag="515"><subfield code="a">Continues the numbering of Weekly enterprise (Beardstown, Ill.).</subfield></datafield><datafield ind1=" " ind2=" " tag="580"><subfield code="a">Formed by the union of: Weekly enterprise (Beardstown, Ill.) and: Cass County Democrat.</subfield></datafield><datafield ind1=" " ind2=" " tag="580"><subfield code="a">Merged with: Republican-gazette (Virginia, Ill.), to form: Enterprise-gazette.</subfield></datafield><datafield ind1=" " ind2="0" tag="651"><subfield code="a">Cass County (Ill.)</subfield><subfield code="v">Newspapers.</subfield></datafield><datafield ind1=" " ind2="7" tag="651"><subfield code="a">Illinois</subfield><subfield code="z">Cass County.</subfield><subfield code="2">fast</subfield><subfield code="0">(OCoLC)fst01206378</subfield></datafield><datafield ind1=" " ind2="7" tag="655"><subfield code="a">Newspapers.</subfield><subfield code="2">fast</subfield><subfield code="0">(OCoLC)fst01423814</subfield></datafield><datafield ind1=" " ind2=" " tag="752"><subfield code="a">United States</subfield><subfield code="b">Illinois</subfield><subfield code="c">Cass County</subfield><subfield code="d">Virginia.</subfield></datafield><datafield ind1="1" ind2="4" tag="780"><subfield code="t">Weekly enterprise (Beardstown, Ill.)</subfield><subfield code="w">(DLC)sn 91054716</subfield><subfield code="w">(OCoLC)24616629</subfield></datafield><datafield ind1="1" ind2="4" tag="780"><subfield code="t">Cass County Democrat (Virginia, Ill.)</subfield><subfield code="w">(DLC)sn 91054700</subfield><subfield code="w">(OCoLC)24474306</subfield></datafield><datafield ind1="1" ind2="7" tag="785"><subfield code="t">Republican-gazette (Virginia, Ill.)</subfield><subfield code="w">(DLC)sn 91054743</subfield><subfield code="w">(OCoLC)24833737</subfield></datafield><datafield ind1="1" ind2="7" tag="785"><subfield code="t">Enterprise-gazette (Virginia, Ill.)</subfield><subfield code="w">(DLC)sn 91054745</subfield><subfield code="w">(OCoLC)24833779</subfield></datafield><datafield ind1="1" ind2=" " tag="029"><subfield code="a">AU@</subfield><subfield code="b">000025875193</subfield></datafield></record>